@article{dummy2017,
  title = {Formatting citations the way you want},
  volume = {113},
  number = {12},
  urldate = {2015-05-05},
  journal = {Nonexistant Review Letters},
  author = {Smith, John and Doe, John},
  year = {2017},
  pages = {214221},
}
