%% LaTeX2e file `test2.bib'
%% generated by the `filecontents' environment
%% from source `test2' on 2015/09/23.
%%
@misc{A01,
  author = {Author, A.},
  year = {2001},
  title = {Alpha},
}
