%% LaTeX2e file `test.bib'
%% generated by the `filecontents' environment
%% from source `test' on 2015/09/23.
%%


@Article{Aubert:2007sea,
     author    = "Aubert, Bernard and others",
     collaboration = "BABAR",
     title     = "{Evidence for b ---> d gamma Transitions From a Sum of
              Exclusive Final States in the Hadronic Final State Mass
              Range 1.0-GeV/c**2 < M(X(d)) < 1.8-GeV/c**2}",
     year      = "2007",
     eprint    = "0708.1652",
     archivePrefix = "arXiv",
     primaryClass  =  "hep-ex",
     SLACcitation  = "%%CITATION = 0708.1652;%%"
}

@Article{:2010ip,
     author    = "del Amo Sanchez, P. and others",
     collaboration = "BABAR",
     title     = "{Dalitz-plot Analysis of B0 --> D0bar pi+ pi-}",
     journal   = "PoS",
     volume    = "ICHEP2010",
     year      = "2010",
     pages     = "250",
     eprint    = "1007.4464",
     archivePrefix = "arXiv",
     primaryClass  =  "hep-ex",
     SLACcitation  = "%%CITATION = 1007.4464;%%"
}


@Article{delAmoSanchez:2010rq,
    author    = "del Amo Sanchez, P. and others",
    collaboration = "BABAR",
    title     = "{Evidence for direct CP violation in the measurement of the
              Cabibbo-Kobayashi-Maskawa angle gamma with B-+ --> D(*)
              K(*)-+ decays}",
    journal   = "Phys. Rev. Lett.",
    volume    = "105",
    year      = "2010",
    pages     = "121801",
    eprint    = "1005.1096",
    archivePrefix = "arXiv",
    primaryClass  =  "hep-ex",
    doi       = "10.1103/PhysRevLett.105.121801",
    SLACcitation  = "%%CITATION = 1005.1096;%%"
}


