%Monthly Notices of the Royal Astronomical Society
@article{semena2014area,
  title="On the area of accretion curtains from fast aperiodic time variability of the intermediate polar {EX H}ya",
  author={Semena, Andrey N and Revnivtsev, Mikhail G and Buckley, David AH and Kotze, Marissa M and Khabibullin, Ildar I and \textbf{H. Breytenbach} and Gulbis, Amanda AS and Coppejans, Rocco and Potter, Stephen B},
  journal="{MNRAS}",
  volume={442},
  number={2},
  pages={1123--1132},
  year={2014},
  publisher={Oxford University Press}
}

@article{coppejans2014high,
  title="High-speed photometry of faint cataclysmic variables--{VIII}. Targets from the {Catalina Real-Time Transient Survey}",
  author={Coppejans, Deanne L and Woudt, Patrick A and Warner, Brian and K{\"o}rding, Elmar and Macfarlane, Sally A and Schurch, Matthew PE and Kotze, Marissa M and \textbf{H. Breytenbach} and Gulbis, Amanda AS and Coppejans, Rocco},
  journal="{MNRAS}",	
  volume={437},
  number={1},
  pages={510--523},
  year={2014},
  publisher={Oxford University Press}
}

