@article{semena2014area,
  title={On the area of accretion curtains from fast aperiodic time variability of the intermediate polar EX Hya},
  author={Semena, Andrey N and Revnivtsev, Mikhail G and Buckley, David AH and Kotze, Marissa M and Khabibullin, Ildar I and Breytenbach, Hannes and Gulbis, Amanda AS and Coppejans, Rocco and Potter, Stephen B},
  journal={Monthly Notices of the Royal Astronomical Society},
  volume={442},
  number={2},
  pages={1123--1132},
  year={2014},
  publisher={Oxford University Press}
}

@inproceedings{buckley2014new,
  title={New Observations of Accretion Phenomena in Magnetic Cataclysmic Variables},
  author={Buckley, DAH and Potter, SB and Kotze, E and Kotze, M and Breytenbach, H},
  booktitle={EPJ Web of Conferences},
  volume={64},
  pages={07005},
  year={2014},
  organization={EDP Sciences}
}

% 
% @unpublished{XMMQPOs,
%   title={Quasi-periodic oscillations in accreting magnetic white dwarfs I. Observational constraints in X-rays and optical},
%   author={Bonnet-Bidaud, J.M. and Mouchet, M. and Busschaert, C. and Falize, E.  and Michaut, C. },
%   journal={Astronomy & Astrophysics},
%   note = "forthcoming"
% }


@article{coppejans2014high,
  title={High-speed photometry of faint cataclysmic variables--VIII. Targets from the Catalina Real-Time Transient Survey},
  author={Coppejans, Deanne L and Woudt, Patrick A and Warner, Brian and K{\"o}rding, Elmar and Macfarlane, Sally A and Schurch, Matthew PE and Kotze, Marissa M and Breytenbach, Hannes B and Gulbis, Amanda AS and Coppejans, Rocco},
  journal={Monthly Notices of the Royal Astronomical Society},
  volume={437},
  number={1},
  pages={510--523},
  year={2014},
  publisher={Oxford University Press}
}

