@inproceedings{buckley2014new,
  title={New Observations of Accretion Phenomena in Magnetic Cataclysmic Variables},
  author={Buckley, DAH and Potter, SB and Kotze, E and Kotze, M and \textbf{Breytenbach, H}},
  booktitle="{EPJ Web of Conferences}",
  volume={64},
  pages={07005},
  year={2014},
  organization={EDP Sciences}
}