@article{buckley2015classification,
  title={Classification of MASTER OT J061451. 70-272535.5 as an eclipsing Polar},
  author={Buckley, DAH and \textbf{H. Breytenbach} and Kniazev, A and Kotze, MM and Motsoaledi, M and Potter, S and Thorstensen, J and Gorbovskoy, E and Lipunov, V and Woudt, P},
  journal="{The Astronomer's Telegram}",
  volume={7169},
  pages={1},
  year={2015}
}

@article{buckley2015salt,
  title="{SALT spectroscopy of the flaring blazar J141922. 55-083832.0}",
  author={Buckley, DAH and \textbf{H. Breytenbach} and Kniazev, A and Kotze, MM and Potter, S and Gorbovskoy, E and Lipunov, V},
  journal="{The Astronomer's Telegram}",
  volume={7167},
  pages={1},
  year={2015}
}